<record><leader>00000cas a22000007a 4500</leader><controlfield tag="001">21417709</controlfield><controlfield tag="008">900423d19001902mouwr ne      0   a0eng d</controlfield><datafield ind1=" " ind2=" " tag="010"><subfield code="a">sn 90061662 </subfield></datafield><datafield ind1=" " ind2=" " tag="040"><subfield code="a">MQN</subfield><subfield code="b">eng</subfield><subfield code="c">MQN</subfield><subfield code="d">OCLCQ</subfield><subfield code="d">DLC</subfield><subfield code="d">MXM</subfield><subfield code="d">DLC</subfield><subfield code="d">OCLCF</subfield></datafield><datafield ind1="0" ind2=" " tag="022"><subfield code="a">2326-9391</subfield><subfield code="2">1</subfield></datafield><datafield ind1=" " ind2=" " tag="042"><subfield code="a">msc</subfield><subfield code="a">nsdp</subfield></datafield><datafield ind1=" " ind2=" " tag="043"><subfield code="a">n-us-mo</subfield></datafield><datafield ind1="0" ind2="0" tag="050"><subfield code="a">Newspaper</subfield></datafield><datafield ind1="0" ind2="0" tag="082"><subfield code="a">071</subfield><subfield code="2">23</subfield></datafield><datafield ind1="0" ind2=" " tag="130"><subfield code="a">Tribune (Rich Hill, Mo.)</subfield></datafield><datafield ind1=" " ind2="4" tag="222"><subfield code="a">Tribune</subfield><subfield code="b">(Rich Hill, Mo. Print)</subfield></datafield><datafield ind1="1" ind2="4" tag="245"><subfield code="a">The tribune.</subfield></datafield><datafield ind1=" " ind2=" " tag="260"><subfield code="a">Rich Hill, Mo. :</subfield><subfield code="b">Geo. F. Huckeby [and] Perezza A. Pritchard,</subfield><subfield code="c">-1902.</subfield></datafield><datafield ind1=" " ind2=" " tag="300"><subfield code="a">v.</subfield></datafield><datafield ind1=" " ind2=" " tag="310"><subfield code="a">Weekly</subfield></datafield><datafield ind1="1" ind2=" " tag="362"><subfield code="a">Began in 1900?</subfield></datafield><datafield ind1="0" ind2=" " tag="362"><subfield code="a">-v. 13, no. 16 (Dec. 25, 1902).</subfield></datafield><datafield ind1=" " ind2=" " tag="530"><subfield code="a">Archived issues are available in digital format as part of the Library of Congress Chronicling America online collection.</subfield></datafield><datafield ind1=" " ind2=" " tag="588"><subfield code="a">Description based on: Vol. 11, no. 47 (Aug. 1, 1901).</subfield></datafield><datafield ind1=" " ind2="0" tag="651"><subfield code="a">Rich Hill (Mo.)</subfield><subfield code="v">Newspapers.</subfield></datafield><datafield ind1=" " ind2="0" tag="651"><subfield code="a">Bates County (Mo.)</subfield><subfield code="v">Newspapers.</subfield></datafield><datafield ind1=" " ind2="7" tag="655"><subfield code="a">Newspapers.</subfield><subfield code="2">fast</subfield><subfield code="0">(OCoLC)fst01423814</subfield></datafield><datafield ind1=" " ind2="7" tag="651"><subfield code="a">Missouri</subfield><subfield code="z">Bates County.</subfield><subfield code="2">fast</subfield><subfield code="0">(OCoLC)fst01213325</subfield></datafield><datafield ind1=" " ind2="7" tag="651"><subfield code="a">Missouri</subfield><subfield code="z">Rich Hill.</subfield><subfield code="2">fast</subfield><subfield code="0">(OCoLC)fst01880443</subfield></datafield><datafield ind1=" " ind2=" " tag="752"><subfield code="a">United States</subfield><subfield code="b">Missouri</subfield><subfield code="c">Bates</subfield><subfield code="d">Rich Hill.</subfield></datafield><datafield ind1="1" ind2=" " tag="776"><subfield code="t">Tribune (Rich Hill, Mo. : Online)</subfield><subfield code="x">2326-9405</subfield><subfield code="w">(DLC)  2013218593</subfield><subfield code="w">(OCoLC)828627677</subfield></datafield><datafield ind1="0" ind2="0" tag="780"><subfield code="t">Rich Hill tribune (Rich Hill, Mo. : 1890)</subfield><subfield code="w">(DLC)sn 90061678</subfield><subfield code="w">(OCoLC)21417682</subfield></datafield><datafield ind1="0" ind2="0" tag="785"><subfield code="t">Rich Hill tribune (Rich Hill, Mo. : 1903)</subfield><subfield code="x">2326-9421</subfield><subfield code="w">(DLC)sn 90061663</subfield><subfield code="w">(OCoLC)21417726</subfield></datafield><datafield ind1="4" ind2="1" tag="856"><subfield code="u">http://www.loc.gov/chroniclingamerica/lccn/sn90061662/issues</subfield></datafield></record>